% This file was created with JabRef 2.4.2.
% Encoding: UTF-8

@STRING{AdvWatRes = {Adv. Wat. Res.}}

@STRING{ChemEngSci = {Chem. Eng. Sci.}}

@STRING{CommCompPhys = {Commun. Comput. Phys.}}

@STRING{ComputFluids = {Comput. Fluids}}

@STRING{EurophysLett = {Europhys. Lett.}}

@STRING{IntJModC = {Int. J. Mod. Phys. C}}

@STRING{IntJMultiphFlow = {Int. J. Multiph. Flow}}

@STRING{JComputPhys = {J. Comput. Phys.}}

@STRING{JFM = {J. Fluid Mech.}}

@STRING{JSP = {J. Stat. Phys.}}

@STRING{PhilTransRSocLondA = {Phil. Trans. R. Soc. Lond. A}}

@STRING{PhysA = {Physica A}}

@STRING{PhysD = {Physica D}}

@STRING{PhysFluids = {Phys. Fluids}}

@STRING{PhysLettA = {Phys. Lett. A}}

@STRING{PhysRep = {Phys. Rep.}}

@STRING{PhysRev = {Phys. Rev.}}

@STRING{PhysRevA = {Phys. Rev. A}}

@STRING{PhysRevE = {Phys. Rev. E}}

@STRING{PhysRevLett = {Phys. Rev. Lett.}}

@ARTICLE{dhumieres-first,
  author = {d'Humi\`eres, D.},
  title = {{G}eneralized {L}attice-{B}oltzmann {E}quations},
  journal = {{R}arefied {G}as {D}ynamics: {T}heory and {S}imulations. {P}rog.
	{A}stronaut. {A}eronaut.},
  year = {1992},
  volume = {159},
  pages = {450--458},
  editor = {Shizgal, D. and Weaver, D.P.}
}

@ARTICLE{dhumieres,
  author = {d'Humi\`eres, D. and Ginzburg, I. and Krafczyk, M. and Lallemand,
	P. and Luo, L.-S.},
  title = {Multiple-relaxation-time lattice {B}oltzmann models in three dimensions},
  journal = PhilTransRSocLondA,
  year = {2002},
  volume = {360},
  pages = {437--451}
}

@ARTICLE{abgrall-compressible,
  author = {Abgrall, R. and Karni, S.},
  title = {Computations of {C}ompressible {M}ultifluids},
  journal = JComputPhys,
  year = {2001},
  volume = {169},
  pages = {594--623}
}

@ARTICLE{adhikari-fluctuation,
  author = {Adhikari, R. and Stratford, K. and Cates, M.E. and Wagner, A.J.},
  title = {Fluctuating lattice {B}oltzmann},
  journal = EurophysLett,
  year = {2005},
  volume = {71},
  pages = {473--479},
  number = {3}
}

@ARTICLE{adhikari,
  author = {Adhikari, R. and Succi, S.},
  title = {Duality in matrix lattice {B}oltzmann models},
  journal = PhysRevE,
  year = {2008},
  volume = {78},
  pages = {1--9},
  number = {066701}
}

@ARTICLE{TolProj,
  author = {Ahrenholz, B. and T\"olke, J. and Lehmann, P. and Peters, A. and
	Krafczyk, M. and Durner, W.},
  title = {{P}rediction of capillary hysteresis in a porous material using lattice-{B}oltzmann
	methods and comparison to experimental data and a morhphological
	pore network model},
  journal = AdwWatRes,
  year = {2008},
  volume = {31},
  pages = {1151--1173},
  number = {9}
}

@ARTICLE{karlin-minimalmodels,
  author = {Ansumali, S. and Karlin, I.V. and \"{O}ttinger, H.C.},
  title = {Minimal entropic kinetic models for hydrodynamics},
  journal = EurophysLett,
  year = {2003},
  volume = {63lu},
  pages = {798--804},
  number = {6}
}

@ARTICLE{karlin-hermite,
  author = {Ansumali, S. and Karlin, I.V. and Arcidiacono, S. and Abbas, A. and
	Prasianakis, N.I.},
  title = {Hydrodynamics beyond {N}avier-{S}tokes: {E}xact {S}olution to the
	{L}attice {B}otlzmann {H}ierarchy},
  journal = PhysRevLett,
  year = {2007},
  volume = {98},
  pages = {1--4},
  number = {124502}
}

@ARTICLE{ansumali-small-knudsen,
  author = {Ansumali, S. and Karlin, I.V. and Frouzakis, C.E. and Boulouchos,
	K.B.},
  title = {{E}ntropic lattice {B}oltzmann method for microflows},
  journal = PhysA,
  year = {2006},
  volume = {359},
  pages = {289--305}
}

@ARTICLE{Asinari,
  author = {Asinari, P.},
  title = {Semi-implicit-linearized multiple-relaxation-time formulation of
	lattice {B}oltzmann schemes for mixture modeling},
  journal = PhysRevE,
  year = {2006},
  volume = {73},
  pages = {1--24},
  number = {056705}
}

@ARTICLE{asinari-fd,
  author = {Asinari, P. and Ohwada, T.},
  title = {Connection between kinetic methods for fluid-dynamic equations and
	macroscopic finite-difference schemes},
  journal = CMA,
  year = {2009},
  volume = {in press}
}

@ARTICLE{asinari-cascade,
  author = {Asiniari, P.},
  title = {Generalized {L}ocal {E}quilibrium in the {C}ascaded {L}attice {B}oltzmann
	{M}ethod},
  journal = PhysRevE,
  year = {2008},
  volume = {78},
  pages = {1--5},
  number = {016701}
}

@INPROCEEDINGS{becker-bubble,
  author = {Becker, J. and Junk, M. and Kerhwald, D. and Th\"{o}mmes, G.},
  title = {A {L}attice {B}oltzmann {M}ethod for multiphase flows},
  booktitle = {ICMF},
  year = {2007}
}

@ARTICLE{sbragaglia-contact,
  author = {Benzi, R. and Biferale, L. and Sbragaglia, M and Succi, S. and Toschi,
	F.},
  title = {Mesoscopic modeling of a two-phase ﬂow in the presence of boundaries:
	The contact angle},
  journal = PhysRevE,
  year = {2006},
  volume = {021509},
  pages = {1--14}
}

@ARTICLE{BSV,
  author = {Benzi, R. and Succi, S. and Vergassola, M.},
  title = {The {L}attice {B}oltzmann {E}quation: {T}heory and {A}pplications},
  journal = PhysRep,
  year = {1992},
  volume = {222},
  pages = {145--197},
  number = {3}
}

@ARTICLE{bgk,
  author = {Bhatnagar, P. L. and Gross, E. P. and Krook, M.},
  title = {A {M}odel for {C}ollision {P}rocesses in {G}ases. {I}.{S}mall {A}mplitude
	{P}rocesses in {C}harged and {N}eutral {O}ne-{C}omponent {S}ystems},
  journal = PhysRev,
  year = {1954},
  volume = {94},
  pages = {511--525},
  number = {3}
}

@MISC{boghosian-chapman-enskog,
  author = {Boghosian, B.M. and Coveney, P.V.},
  title = {Inverse {C}hapman-{E}nskog {D}erivation of the {T}hermohydrodynamic
	{L}attice-{BGK} {M}odel for the {I}deal {G}as},
  year = {1998},
  url = {http://www.citebase.org/abstract?id=oai:arXiv.org:comp-gas/9810001}
}

@ARTICLE{bouzidi,
  author = {Bouzidi, M. and d'Humi\`eres, D. and Lallemand, P. and Luo, L.-S.},
  title = {Lattice {B}oltzmann {E}quation on a {T}wo-{D}imensional {R}ectangular
	{G}rid},
  journal = JComputPhys,
  year = {2001},
  volume = {172},
  pages = {704--717}
}

@ARTICLE{yeomansgalilean,
  author = {Briant, A.J. and Wagner, A.J. and Yeomans, J.M.},
  title = {{L}attice {B}oltzmann simulations of contact line motion. {I}. {L}iquid-gas
	systems},
  journal = PhysRevE,
  year = {2004},
  volume = {69},
  pages = {1--14},
  number = {031602}
}

@ARTICLE{buick-gravity,
  author = {Buick, J.M. and Greated, C.A.},
  title = {Gravity in a lattice {B}otlzmann model},
  journal = PhysRevE,
  year = {2000},
  volume = {61},
  pages = {5307--5320},
  number = {5}
}

@BOOK{chapman,
  title = {The mathematical theory of non-uniform gases},
  publisher = {Cambridge University Press},
  year = {1995},
  author = {Chapman, S. and Cowling, T.G.},
  address = {Cambridge},
  edition = {Third}
}

@ARTICLE{karlin-galilean,
  author = {Chikatamarla, S.S. and Karlin, I.V.},
  title = {Entropy and {G}alilean {I}nvariance of {L}attice {B}otlzmann {T}heories},
  journal = PhysRevLett,
  year = {2006},
  volume = {97},
  pages = {1--4},
  number = {190601}
}

@ARTICLE{ladd-boundary,
  author = {Chun, B. and Ladd, A.J.C.},
  title = {Interpolated boundary condition for lattice {B}otlzmann simulations
	of flows in narrow gaps},
  journal = PhysRevE,
  year = {2007},
  volume = {75},
  pages = {1--12},
  number = {066705}
}

@ARTICLE{dellar-elimination,
  author = {Dellar, P.J.},
  title = {Macroscopic descriptions of rarefied gases from the elimination of
	fast variables},
  journal = PhysFluids,
  year = {2007},
  volume = {19},
  pages = {1--14},
  number = {10},
  eid = {107101}
}

@ARTICLE{dellar-eos,
  author = {Dellar, P.J.},
  title = {Non-hydrodynamic modes and general equations of state in lattice
	Boltzmann equations},
  journal = PhysA,
  year = {2006},
  volume = {362},
  pages = {132--138}
}

@ARTICLE{dellar-ferro,
  author = {Dellar, P.J.},
  title = {Lattice {K}inetic {F}ormulation for {F}errofluids},
  journal = JSP,
  year = {2005},
  volume = {121},
  pages = {105--118}
}

@ARTICLE{dellar-limit,
  author = {Dellar, P.J.},
  title = {{I}ncompressible limits of lattice {B}oltzmann equations using multiple
	relaxation times},
  journal = JComputPhys,
  year = {2003},
  volume = {190},
  pages = {351--370}
}

@ARTICLE{dellar,
  author = {Dellar, P.J.},
  title = {{N}onhydrodynamic modes and a priori construction of shallow water
	lattice {B}oltzmann equations},
  journal = PhysRevE,
  year = {2002},
  volume = {65},
  pages = {1--12},
  number = {036309}
}

@ARTICLE{dellar-bulkshear-viscosity,
  author = {Dellar, P.J.},
  title = {Bulk and shear viscosities in lattice {B}oltzmann equations},
  journal = PhysRevE,
  year = {2001},
  volume = {64},
  pages = {1--11},
  number = {031203}
}

@ARTICLE{mrt-incompressible,
  author = {Du, R. and Shi, B. and Chen, X.},
  title = {Multi-relaxation-time lattice {B}oltzmann model for incompressible
	flow},
  journal = PhysLettA,
  year = {2006},
  volume = {359},
  pages = {564--572}
}

@ARTICLE{halliday-multicomponent,
  author = {Dupin, M.M. and Halliday, I. and Care, C.M.},
  title = {Multi-component lattice {B}oltzmann equation for mesoscale blood
	flow},
  journal = {J. Phys. A: Math. Gen.},
  year = {2003},
  volume = {36},
  pages = {8517--8534}
}

@ARTICLE{fakhari-bubble,
  author = {Fakhari, A. and Rahimian, M.H.},
  title = {Simulation of falling droplet by the lattice {B}oltzmann method},
  journal = {Commun. Nonlinear Sci. Numer. Simulat.},
  year = {2009},
  volume = {14},
  pages = {3046--3055}
}

@ARTICLE{kuzmin-aniso,
  author = {Falcucci, G. and Chiatti, G. and Succi, S. and Mohamad, A.A. and
	Kuzmin, A.},
  title = {Rupture of a ferrofluid droplet in external magnetic fields using
	a single-component lattice {B}oltzmann model for nonideal fluids},
  journal = PhysRevE,
  year = {2009},
  volume = {79},
  pages = {1--5},
  number = {056706}
}

@ARTICLE{falcucci-spray,
  author = {Falcucci, G. and Chibbaro, S. and Succi, S. and Shan, X. and Chen,
	H.},
  title = {Lattice {B}oltzmann spray-like fluids},
  journal = EurophysLett,
  year = {2008},
  volume = {82},
  pages = {1--6},
  number = {24005}
}

@ARTICLE{cebers-surface,
  author = {Flament, C. and Lacis, S. and Bacri, J.-C. and Cebers, A. and Neveu,
	S. and Perzynski, R.},
  title = {Measurements of ferrofluid surface tension in confined geometry},
  journal = PhysRevE,
  year = {1996},
  volume = {53},
  pages = {4801--4806},
  number = {5}
}

@ARTICLE{gennes-wetting,
  author = {de Gennes, P.G.},
  title = {Wetting: statics and dynamics},
  journal = {Rev. Mod. Phys.},
  year = {1985},
  volume = {57},
  pages = {827--863},
  number = {3}
}

@ARTICLE{ginzburg-interface,
  author = {Ginzbourg, I. and Adler, P.M},
  title = {{S}urface {T}ension {M}odels with {D}ifferent {V}iscosities},
  journal = {Transp. Porous Media},
  year = {1995},
  volume = {20},
  pages = {37--76}
}

@ARTICLE{ginzburg-boundary,
  author = {Ginzbourg, I. and Adler, P.M.},
  title = {{B}oundary flow condition analysis for the three-dimensional lattice
	{B}otlzmann model},
  journal = {J. Phys. France II},
  year = {1994},
  volume = {4},
  pages = {191--214}
}

@MISC{ginzburg-private-talk,
  author = {Ginzburg, I.},
  title = {Private communication},
  year = {2009}
}

@ARTICLE{ginzburg-brinkman,
  author = {Ginzburg, I.},
  title = {{C}onsistent {L}attice {B}oltzmann schemes for the {B}rinkman model
	of porous flow and infinite {C}hapman-{E}nskog expansion},
  journal = PhysRevE,
  year = {2008},
  volume = {77},
  pages = {1--12},
  number = {066704}
}

@ARTICLE{ginzburg-discontinious,
  author = {Ginzburg, I.},
  title = {{L}attice {B}oltzmann modeling with discontinious collision components:
	{H}ydrodynamic and {A}dvection-{D}iffusion {E}quations},
  journal = JSP,
  year = {2007},
  volume = {126},
  pages = {157--206},
  number = {1}
}

@ARTICLE{ginzburg-saturated-flow,
  author = {Ginzburg, I.},
  title = {Variably saturated flow described with the anisotropic {L}attice
	{B}oltzmann methods},
  journal = ComputFluids,
  year = {2006},
  volume = {35},
  pages = {831--848}
}

@ARTICLE{ginzburg-boundary-conditions,
  author = {Ginzburg, I.},
  title = {Generic boundary conditions for lattice {B}oltzmann models and their
	application to advection and anisotropic dispersion equations},
  journal = AdvWatRes,
  year = {2005},
  volume = {28},
  pages = {1196--1216}
}

@ARTICLE{ginzburg-main,
  author = {Ginzburg, I.},
  title = {{E}quilibrium-type and link-type lattice {B}oltzmann models for generic
	advection and anisotropic-dispersion equation},
  journal = AdvWatRes,
  year = {2005},
  volume = {28},
  pages = {1171--1195}
}

@ARTICLE{ginzburg-multireflection,
  author = {Ginzburg, I. and d'Humi\`eres, D.},
  title = {Multireflection boundary conditions for lattice {B}oltzmann models},
  journal = PhysRevE,
  year = {2003},
  volume = {68},
  pages = {1--30},
  number = {066614}
}

@ARTICLE{kuzmin-stability-optimal,
  author = {Ginzburg, I. and D'Humieres, D. and Kuzmin, A.},
  title = {{N}ote on the optimal stability of advection-diffusion {L}attice
	{B}oltzmann models, and a comparison with ﬁnite-difference schemes.},
  journal = JSP,
  year = {2009},
  volume = {submitted}
}

@ARTICLE{ginzburg-free,
  author = {Ginzburg, I. and Steiner, K.},
  title = {{A} free-surface lattice {B}oltzmann method for modelling the filling
	of expanding cavities by {B}ingham fluids},
  journal = PhilTransRSocLondA,
  year = {2002},
  volume = {360},
  pages = {453--466}
}

@ARTICLE{ginzburg-boundary-main,
  author = {Ginzburg, I. and Verhaeghe, F. and d'Humi\`eres, D.},
  title = {{T}wo-relaxation-time {L}attice {B}oltzmann scheme: about parametrization,
	velocity, pressure and mixed boundary conditions},
  journal = CommCompPhys,
  year = {2008},
  volume = {3},
  pages = {427--478},
  number = {2}
}

@ARTICLE{ginzburg-trt-simple-hydro,
  author = {Ginzburg, I. and Verhaeghe, F. and d'Humi\`eres, D.},
  title = {{S}tudy of {S}imple {H}ydrodynamic {S}olutions with the {T}wo-{R}elaxation-{T}imes
	{L}attice {B}olzmann {S}cheme},
  journal = CommCompPhys,
  year = {2008},
  volume = {3},
  pages = {519--581},
  number = {3}
}

@ARTICLE{ginzburg-bubble,
  author = {Ginzburg, I. and Wittum, G.},
  title = {Two-{P}hase on {I}nterface {R}efined {G}rids {M}odeled with {VOF},
	{S}taggered {F}inite {V}olumes, and {S}pline {I}nterpolants},
  journal = JComputPhys,
  year = {2001},
  volume = {166},
  pages = {302--335}
}

@ARTICLE{grad-moments,
  author = {Grad, H.},
  title = {On the {K}inetic {T}heory of {R}arefied {G}ases},
  journal = {Communications on Pure and Applied Mathematics},
  year = {1949},
  volume = {2},
  pages = {331--407},
  number = {4}
}

@ARTICLE{gunstensen,
  author = {Gunstensen, A.K. and Rothman, D.H. and Zaleski, S. and Zanetti, G.},
  title = {{L}attice {B}oltzmann model of immiscible fluids},
  journal = PhysRevA,
  year = {1991},
  volume = {43},
  pages = {4320--4327},
  number = {8}
}

@ARTICLE{guo,
  author = {Guo, Z. and Zheng, C. and Shi, B.},
  title = {{D}iscrete lattice effects on the forcing term in the lattice {B}oltzmann
	method},
  journal = PhysRevE,
  year = {2002},
  volume = {65},
  pages = {1--6},
  number = {046308}
}

@ARTICLE{he-advanced,
  author = {He, X. and Chen, S. and Zhang, R.},
  title = {A {L}attice {B}oltzmann {S}cheme for {I}ncompressible {M}ultiphase
	{F}low and {I}ts {A}pplication in {S}imulation of {R}ayleigh-{T}aylor
	{I}nstability},
  journal = JComputPhys,
  year = {1999},
  volume = {152},
  pages = {642--663},
  number = {2}
}

@ARTICLE{luo-hermite,
  author = {He, X. and Luo, L.-S.},
  title = {Theory of the lattice {B}otlzmann method: {F}rom the {B}oltzmann
	equation to the lattice {B}oltzmann equation},
  journal = PhysRevE,
  year = {1997},
  volume = {56},
  pages = {6811--6817},
  number = {6}
}

@ARTICLE{he,
  author = {He, X. and Shan, X. and Doolen, G.D.},
  title = {{D}iscrete {B}oltzmann equation model for nonideal gases},
  journal = PhysRevE,
  year = {1998},
  volume = {57},
  pages = {1--14},
  number = {1}
}

@ARTICLE{HJ,
  author = {Higuera, F.J. and Jimenez, J.},
  title = {Boltzmann {A}pproach to {L}attice {G}as {S}imulations},
  journal = EurophysLett,
  year = {1989},
  volume = {9},
  pages = {663--668},
  number = {7}
}

@ARTICLE{HSB,
  author = {Higuera, F.J. and Succi, S. and Benzi, R.},
  title = {Lattice gas dynamics with enhanced collisions},
  journal = EurophysLett,
  year = {1989},
  volume = {9},
  pages = {345--349},
  number = {4}
}

@ARTICLE{hindmarsh,
  author = {Hindmarsh, A.C. and Gresho, P.M. and Griffiths, D.F.},
  title = {The stability of explicit euler time-integration for certain finite
	difference approximations of the multi-dimensional advection-diffusion
	equation},
  journal = {Int. J. Numer. Meth. Fluids},
  year = {1984},
  volume = {4},
  pages = {853--897}
}

@ARTICLE{sukop-angle,
  author = {Huang, H. and Thorne, D.T. and Schaap, M.G. and Sukop, M.C.},
  title = {Proposed approximation for contact angles in Shan-and-Chen-type multicomponent
	multiphase lattice {B}oltzmann models},
  journal = PhysRevE,
  year = {2007},
  volume = {76},
  pages = {1--6},
  number = {6},
  eid = {066701}
}

@ARTICLE{shu-wettability,
  author = {Huang, J.J. and Shu, C. and Chew, Y.T.},
  title = {Numerical investigation of transporting droplets by spatiotemporally
	controlling substrate wettability},
  journal = {J. Coll. Int. Sci.},
  year = {2008},
  volume = {328},
  pages = {124--133}
}

@ARTICLE{jackson-fingering,
  author = {Jackson, D.P. and Goldstein, R.E. and Cebers, A.O.},
  title = {Hydrodynamics of fingering instabilities in dipolar fluids},
  journal = PhysRevE,
  year = {1994},
  volume = {50},
  pages = {298--307},
  number = {1}
}

@ARTICLE{junk-asymptotic,
  author = {Junk, M. and Klar, A. and Luo, L.-S.},
  title = {Asymptotic analysis of the lattice {B}oltzmann equation},
  journal = JComputPhys,
  year = {2005},
  volume = {210},
  pages = {676--704}
}

@ARTICLE{junk-navier-limit,
  author = {Junk, M. and Yong, W.-A.},
  title = {Rigorous {N}avier-{S}tokes limit of the lattice {B}oltzmann equation},
  journal = {Asymptotic Analysis},
  year = {2003},
  volume = {35},
  pages = {165--185}
}

@PHDTHESIS{dirkkehrwald,
  author = {Kehrwald, D.},
  title = {{N}umerical {A}nalysis of {I}mmiscible {L}attice {BGK}},
  school = {{F}raunhofer-{I}nstitut f\"{u}r {T}echno- und {W}irtschaftsmathematik},
  year = {2002}
}

@ARTICLE{tolke-LES,
  author = {Krafczyk, M. and T\"{o}lke, J. and Luo, L.-S.},
  title = {Large-eddy simulations with a multiple-relaxation-time {LBE} model},
  journal = {Int. J. Mod. Phys. B},
  year = {2003},
  volume = {1\&2},
  pages = {33--39}
}

@ARTICLE{kuzmin-trt-stability,
  author = {Kuzmin, A. and Ginzburg, I. and Mohamad, A.A.},
  title = {A role of the kinetic parameter on the stability of two-relaxation-times
	advection-diffusion lattice {B}oltzmann schemes},
  journal = {Comp. Math. Appl.},
  year = {2009},
  volume = {submitted},
  owner = {shurik},
  timestamp = {2009.11.15}
}

@ARTICLE{kuzmin-multi,
  author = {Kuzmin, A. and Mohamad, A.A.},
  title = {{M}ultirange {M}ulti-{R}elaxation {T}ime {S}han-{C}hen {M}odel with
	{E}xtended {E}quilibrium},
  journal = CMA,
  year = {2009},
  volume = {to be published}
}

@ARTICLE{kuzmin,
  author = {Kuzmin, A. and Mohamad, A.A. and Succi, S.},
  title = {{M}ulti {R}elaxation {T}ime {L}attice {B}oltzmann model for multiphase
	flows},
  journal = IntJModC,
  year = {2008},
  volume = {19},
  pages = {875--902},
  number = {6}
}

@ARTICLE{luo-force-incorporation,
  author = {Lallemand, P. and Luo, L.-S.},
  title = {Theory of the lattice {B}oltzmann method: {A}coustic and thermal
	properties in two and three dimensions},
  journal = PhysRevE,
  year = {2003},
  volume = {68},
  pages = {1--25},
  number = {036706}
}

@ARTICLE{lallemand,
  author = {Lallemand, P. and Luo, L.-S.},
  title = {Theory of the lattice {B}oltzmann method: {D}ispersion, dissipation,
	isotropy, {G}alilean invariance, and stability},
  journal = PhysRevE,
  year = {2000},
  volume = {61},
  pages = {6546--6562},
  number = {6}
}

@ARTICLE{lallemand-front-track,
  author = {Lallemand, P. and Luo, L.-S. and Peng, Y.},
  title = {A lattice {B}oltzmann front-tracking method for interface dynamics
	with surface tension in two dimensions},
  journal = JComputPhys,
  year = {2007},
  volume = {226},
  pages = {1367--1384}
}

@BOOK{Landau,
  title = {Fluid Mechanics},
  publisher = {Pergamon},
  year = {1987},
  author = {Landau, L. and Lifshitz, E.},
  address = {Oxford}
}

@ARTICLE{jackson-labyrinthine,
  author = {Langer, S.A. and Goldstein, R.E. and Jackson, D.P.},
  title = {Dynamics of labyrinthine pattern formation in magnetic fluids},
  journal = PhysRevA,
  year = {1992},
  volume = {46},
  pages = {4894--4904},
  number = {8}
}

@MISC{latt-units,
  author = {Latt, J.},
  title = {Choice of units in lattice {B}oltzmann simulations},
  year = {2008}
}

@ARTICLE{rothman,
  author = {Latva-Kokko, M. and Rothman, D.H.},
  title = {{D}iffusion properties of gradient-based lattice {B}oltzmann models
	of immiscible fluids},
  journal = PhysRevE,
  year = {2005},
  volume = {71},
  pages = {1--8},
  number = {056702}
}

@ARTICLE{polevikov-shape,
  author = {Lavrova, O. and Matthies, G. and Polevikov, V. and Tobiska, L.},
  title = {Numerical modeling of the equilibrium shapes of a ferrofluid drop
	in an external magnetic field},
  journal = {Proc. Appl. Math. Mech.},
  year = {2004},
  volume = {4},
  pages = {704--705}
}

@ARTICLE{pagonabarraga-finger,
  author = {Ledesma-Aguilar, R. and Hern\`andez-Machado, A. and Pagonabarraga,
	I.},
  title = {Three-dimensional aspects of fluid flows in channels. I.Meniscus
	and thin film regimes},
  journal = PhysFluids,
  year = {2007},
  volume = {19},
  pages = {1--10},
  number = {102112}
}

@ARTICLE{parasitic-elimination,
  author = {Lee, T. and Fischer, P.F.},
  title = {Eliminating parasitic currents in the lattice {B}oltzmann equation
	method for nonideal gases},
  journal = PhysRevE,
  year = {2006},
  volume = {74},
  pages = {1--7},
  number = {046709}
}

@ARTICLE{lee,
  author = {Lee, T. and Lin, C.-L.},
  title = {Pressure evolution lattice-{B}oltzmann-equation method for two-phase
	flow with phase change},
  journal = PhysRevE,
  year = {2003},
  volume = {67},
  pages = {1--10},
  number = {056703}
}

@ARTICLE{vinogradov-bubble,
  author = {Lezhnin, S. and Eskin, D. and Leonenko, Y. and Vinogradov, O.},
  title = {Dissolution of air bubbles in a turbulent water pipeline flow},
  journal = {Heat and Mass Transfer},
  year = {2003},
  volume = {39},
  pages = {483--487}
}

@ELECTRONIC{luo-lecture,
  author = {Luo, L.S.},
  year = {2003},
  title = {Lattice {B}oltzmann {M}ethods for {C}omputational {F}luid {D}ynamics},
  abstract = {http://research.nianet.org/~luo/Reprints-luo/Notes/TUBraunschweig_03/TUBraunschweig_03.pdf}
}

@CONFERENCE{luo-icmmes,
  author = {Luo, L.-S.},
  title = {A {S}urvey of {S}ome {R}ecent {D}evelopments in {LBE}},
  booktitle = {ICMMES Shourt Courses},
  year = {2009}
}

@CONFERENCE{luoicmmes2009presentation,
  author = {Luo, L.-S.},
  title = {{L}attice {B}oltzmann modelling of microchannel flow in slip flow
	regime},
  booktitle = {International Conference on Mesoscopic Methods in Science and Engineering},
  year = {2009}
}

@ARTICLE{luo-force,
  author = {Luo, L.-S.},
  title = {Theory of the lattice {B}oltzmann method: {L}attice {B}oltzmann models
	for nonideal gases},
  journal = PhysRevE,
  year = {2000},
  volume = {62},
  pages = {4982--4996},
  number = {4}
}

@ARTICLE{luo,
  author = {Luo, L.-S.},
  title = {Unified theory of lattice {B}oltzmann models for non-ideal gases},
  journal = PhysRevLett,
  year = {1998},
  volume = {81},
  pages = {1618--1621},
  number = {8}
}

@PHDTHESIS{luo-thesis,
  author = {Luo, L.-S.},
  title = {Lattice-gas automata and lattice {B}oltzmann equations for two-dimensional
	hydrodynamics},
  school = {Georgia Institute of Technology},
  year = {1993}
}

@ARTICLE{ferro-surface,
  author = {M\"{u}ller, H.W.},
  title = {Parametrically driven surface waves on viscous ferrofluids},
  journal = PhysRevE,
  year = {1998},
  volume = {5},
  pages = {6199--6205},
  number = {5}
}

@ARTICLE{martys-force,
  author = {Martys, N.S. and Shan, X. and Chen, H.},
  title = {Evaluation of the external force term in the discrete {B}oltzmann
	equation},
  journal = PhysRevE,
  year = {1998},
  volume = {58},
  pages = {6855--6857},
  number = {5}
}

@ARTICLE{McCracken,
  author = {McCracken, M.E. and Abraham, J.},
  title = {Multiple-relaxation-time lattice-{B}oltzmann model for multiphase
	flow},
  journal = PhysRevE,
  year = {2005},
  volume = {71},
  pages = {1--9},
  number = {036701}
}

@ARTICLE{mcnamara,
  author = {McNamara, G.R. and Zanetti, G.},
  title = {Use of the {B}oltzmann {E}quation to {S}imulate {L}attice-{G}as {A}utomata},
  journal = PhysRevLett,
  year = {1988},
  volume = {61},
  pages = {2332--2335},
  number = {20},
  owner = {shurik},
  timestamp = {2009.05.13}
}

@ARTICLE{luo-initial,
  author = {Mei, R. and Luo, L.-S. and Lallemand, P. and d'Humi\`eres, D.},
  title = {Consistent initial conditions for lattice {B}otlzmann simulations},
  journal = ComputFluids,
  year = {2006},
  volume = {35},
  pages = {855--862}
}

@ARTICLE{miller,
  author = {Miller, J.J.H.},
  title = {On the {L}ocation of {Z}eros of {C}ertain {C}lasses of {P}olynomials
	with {A}pplications to {N}umerical {A}nalysis},
  journal = {J. Inst. Maths Applics},
  year = {1971},
  volume = {8},
  pages = {397--406}
}

@ARTICLE{immersed-boundary,
  author = {Mittal, R. and Iaccarino, G.},
  title = {Immersed {B}oundary {M}ethods},
  journal = {Annu. Rev. Fluid. Mech.},
  year = {2005},
  volume = {37},
  pages = {239--261}
}

@BOOK{mohamad,
  title = {Applied Lattice Boltzmann Method for Transport Phenomena, Momentum,
	Heat and Mass Transfer},
  publisher = {Sure Print},
  year = {2007},
  author = {Mohamad, A.A.},
  address = {Calgary}
}

@ARTICLE{MORONI,
  author = {Moroni, D. and Rotenberg, B. and Hansen, J.-P. and Succi, S. and
	Melchionna, S.},
  title = {Solving the {F}okker-{P}lanck {E}quation on {L}attice},
  journal = PhysRevE,
  year = {2006},
  volume = {73},
  pages = {1--16},
  number = {066707}
}

@ARTICLE{mrt-pressure,
  author = {Mukherjee, S. and Abraham, J.},
  title = {A pressure-evolution-based multi-relaxation-time high-density-ratio
	two-phase lattice-{B}oltzmann model},
  journal = ComputFluids,
  year = {2007},
  volume = {36},
  pages = {1149--1158}
}

@ARTICLE{adhikari-colloids,
  author = {Nash, R.W. and Adhikari, R. and Cates, M.E.},
  title = {Singular forces and point-like colloids in lattice Boltzmann},
  journal = PhysRevE,
  year = {2008},
  volume = {77},
  pages = {1--11},
  number = {026709}
}

@ARTICLE{shan-galilean,
  author = {Nie, X.B. and Shan, X. and Chen, H.},
  title = {Galilean invariance of lattice {B}oltzmann models},
  journal = EurophysLett,
  year = {2008},
  volume = {81},
  pages = {1--6},
  number = {34005}
}

@ARTICLE{Nourgaliev,
  author = {Nourgaliev, R.R. and Dinh, T.N. and Theofanous, T.G. and Joseph,
	D.},
  title = {The lattice {B}oltzmann equation method: theoretical interpretation,
	numerics and implications},
  journal = IntJMultiphFlow,
  year = {2003},
  volume = {29},
  pages = {117--169}
}

@ARTICLE{pan-multi,
  author = {Pan, C. and Hilpert, M. and Miller, C.T.},
  title = {Lattice-{B}oltzmann simulation of two-phase flow in porous media},
  journal = {Wat. Res. Res.},
  year = {2004},
  volume = {40},
  pages = {1--14},
  number = {W01501}
}

@ARTICLE{shape-ferro,
  author = {Polevikov, V.K.},
  title = {Methods for numerical modeling of two-dimensional capillary surfaces},
  journal = {Comput. Meth. Appl. Math.},
  year = {2004},
  volume = {4},
  pages = {66--93},
  number = {1}
}

@ARTICLE{flow-developed-length,
  author = {Poole, R.J. and Ridley, B.S.},
  title = {Development-{L}ength {R}equirements for {F}ully {D}eveloped {L}aminar
	{P}ipe {F}low of {I}nelastic {N}on-{N}ewtonian {L}iquids},
  journal = {J. Fluids Eng.},
  year = {2007},
  volume = {129},
  pages = {1281--1287}
}

@ARTICLE{pooley-spurious,
  author = {Pooley, C.M. and Furtado, K.},
  title = {Eliminating spurious velocities in the free-energy lattice {B}oltzmann
	method},
  journal = PhysRevE,
  year = {2008},
  volume = {77},
  pages = {1--9},
  number = {046702}
}

@ARTICLE{halim-capillary,
  author = {Pooley, C.M. and Kusumaatmaja, H. and Yeomans, J.M.},
  title = {Modelling capillary filling dynamics using lattice {B}oltzmann simulations},
  journal = {EPJ},
  year = {in press}
}

@ARTICLE{halim-new-model,
  author = {Pooley, C.M. and Kusumaatmaja, H. and Yeomans, J.M.},
  title = {Modelling liquid-gas systems using a binary lattice {B}oltzmann method},
  year = {in press}
}

@ARTICLE{pooley-mrt-filling,
  author = {Pooley, C.M. and Kusumaatmaja, H. and Yeomans, J.M.},
  title = {{M}odeling capillary filling dynamics using lattice {B}oltzmann simulations},
  journal = {Eur. Phys. J. Special Topics},
  year = {2009},
  volume = {171},
  pages = {63--71}
}

@ARTICLE{pooley-contact,
  author = {Pooley, C.M. and Kusumaatmaja, H. and Yeomans, J.M.},
  title = {Contact line dynamics in binary lattice {B}oltzmann simulations},
  journal = PhysRevE,
  year = {2008},
  volume = {78},
  pages = {1--9},
  number = {056709}
}

@ARTICLE{premnath,
  author = {Premnath, K.N. and Abraham, J.},
  title = {{T}hree-{D}imensional {M}ulti-{R}elaxation {T}ime ({MRT}) {L}attice-{B}oltzmann
	{M}odels for {M}ultiphase {F}low},
  journal = JComputPhys,
  year = {2007},
  volume = {224},
  pages = {539--559}
}

@ARTICLE{mrt-drop-collisions,
  author = {Premnath, K.N. and Abraham, J.},
  title = {Simulations of binary drop collisions with a multiple-relaxation-time
	lattice-{B}oltzmann model},
  journal = PhysFluids,
  year = {2005},
  volume = {17},
  pages = {1--21},
  number = {122105}
}

@ARTICLE{qian,
  author = {Qian, Y.H. and d'Humi\`eres, D. and Lallemand, P.},
  title = {Lattice {BGK} {M}odels for {N}avier-{S}tokes {E}quation},
  journal = EurophysLett,
  year = {1992},
  volume = {17},
  pages = {479--484},
  number = {6}
}

@ARTICLE{qian-galilean,
  author = {Qian, Y.-H. and Zhou, Y.},
  title = {Complete Galilean-invariant lattice {BGK} models for the {N}avier-{S}tokes
	equation},
  journal = EurophysLett,
  year = {1998},
  volume = {42},
  pages = {359--364},
  number = {4}
}

@BOOK{rosensweig,
  title = {Ferrohydrodynamics},
  publisher = {General Publishing Company},
  year = {1997},
  author = {Rosensweig, R.E.}
}

@ARTICLE{rothman-color,
  author = {Rothman, D.H. and Keller, J.M.},
  title = {{I}mmiscible {C}ellular-{A}utomaton {F}luids},
  journal = JSP,
  year = {1988},
  volume = {52},
  pages = {1119--1127},
  number = {3/4}
}

@ARTICLE{luo-group-theory,
  author = {Rubinstein, R. and Luo, L.-S.},
  title = {{T}heory of the lattice {B}oltzmann equation: {S}ymmetry properties
	of discrete velocity sets},
  journal = PhysRevE,
  year = {2008},
  volume = {77},
  pages = {1--11},
  number = {036709}
}

@ARTICLE{Sbragaglia-Succi,
  author = {Sbragaglia, M. and Benzi, R. and Biferali, L. and Succi, S. and Sugiyama,
	K. and Toschi, F.},
  title = {Generalized lattice {B}oltzmann method with multirange potential},
  journal = PhysRevE,
  year = {2007},
  volume = {75},
  pages = {1--13},
  number = {026702}
}

@ARTICLE{shan-chen-free,
  author = {Sbragaglia, M. and Chen, H. and Shan, X. and Succi, S.},
  title = {{C}ontinuum free-energy formulation for a class of lattice {B}otlzmann
	multiphase models},
  journal = EurophysLett,
  year = {2009},
  volume = {86},
  pages = {1--6},
  number = {24005}
}

@ARTICLE{succi-integration,
  author = {Sbragaglia, M. and Succi, S.},
  title = {A note on the lattice {B}oltzmann method beyond the {C}hapman-{E}nskog
	limits},
  journal = EurophysLett,
  year = {2006},
  volume = {73},
  pages = {370--376},
  number = {3}
}

@ARTICLE{nourgaliev-breakup,
  author = {Sehgal, B.R. and Nourgaliev, R.R. and Dinh, T.N.},
  title = {Numerical simulation of droplet deformation and break-up by lattice-{B}oltzmann
	method},
  journal = {Prog. Nucl. En.},
  year = {1999},
  volume = {34},
  pages = {471--488},
  number = {4}
}

@ARTICLE{servan-stab2,
  author = {Servan-Camas, B. and Tsai, F. T.-C.},
  title = {Non-negativity and stability analyses of lattice Boltzmann method
	for advection-diffusion equation},
  journal = JComputPhys,
  year = {2009},
  volume = {228},
  pages = {236-256}
}

@ARTICLE{servan-trt-stability,
  author = {Servan-Camas, B. and Tsai, F. T.-C.},
  title = {Lattice {B}oltzmann method with two relaxation times for advection-diffusion
	equation: Third order analysis and stability analysis},
  journal = AdvWatRes,
  year = {2008},
  volume = {31},
  pages = {1113--1126}
}

@ARTICLE{shan-spurious,
  author = {Shan, X.},
  title = {{A}nalysis and reduction of the spurious current in a class of multiphase
	lattice {B}oltzmann models},
  journal = PhysRevE,
  year = {2006},
  volume = {73},
  pages = {1--4},
  number = {047701}
}

@ARTICLE{shan-mrt-collision,
  author = {Shan, X. and Chen, H.},
  title = {A {G}eneral {M}ultiple-{R}elaxation {B}oltzmann {C}ollision {M}odel},
  journal = IntJModPhysC,
  year = {2007},
  volume = {18},
  pages = {635--643},
  number = {04}
}

@ARTICLE{Shan-chen:extended,
  author = {Shan, X. and Chen, H.},
  title = {Simulation of nonideal gases and gas-liquid phase transitions by
	the lattice {B}oltzmann {E}quation},
  journal = PhysRevE,
  year = {1994},
  volume = {49},
  pages = {2941--2948},
  number = {4}
}

@ARTICLE{Shan-hermite,
  author = {Shan, X. and Yuan, X.-F. and Chen, H.},
  title = {{K}inetic theory representation of hydrodynamics: a way beyond the
	{N}avier-{S}tokes equation},
  journal = JFM,
  year = {2006},
  volume = {550},
  pages = {413--441}
}

@BOOK{Succi-book,
  title = {The Lattice Boltzmann Equation for Fluid Dynamics and Beyond},
  publisher = {Oxford University Press},
  year = {2001},
  author = {Succi, S.},
  address = {Oxford}
}

@ARTICLE{suga-stability,
  author = {Suga, S.},
  title = {Numerical schemes obtained from lattice Boltzmann equations for advection-diffusion
	equations},
  journal = IntJModPhysC,
  year = {2006},
  volume = {17},
  pages = {1563--1577},
  number = {11}
}

@BOOK{sukop,
  title = {Lattice Boltzmann Modeling an Introduction for Geoscientists and
	Engineers},
  publisher = {Springer-Verlag},
  year = {2005},
  author = {Sukop, M.C. and Thorne, D.T.},
  address = {Berlin}
}

@ARTICLE{swift-advanced,
  author = {Swift, M.R. and Orlandini, E. and Osborn, W.R. and Yeomans, J.M.},
  title = {Lattice {B}oltzmann simulations of liquid-gas and binary fluid systems},
  journal = PhysRevE,
  year = {1996},
  volume = {54},
  pages = {5041--5052},
  number = {5}
}

@ARTICLE{swift,
  author = {Swift, M.R. and Osborn, W.R. and Yeomans, J.M.},
  title = {Lattice {B}oltzmann {S}imulation of {N}onideal {F}luids},
  journal = PhysRevLett,
  year = {1995},
  volume = {75},
  pages = {831--834},
  number = {5}
}

@ARTICLE{toelkeadaptive,
  author = {T\"{o}lke, J. and Freudiger, S. and Krafczyk, M.},
  title = {{A}n adaptive scheme using hierarchical grids for lattice {B}oltzmann
	multi-phase flow simulations},
  journal = {Comput. Fluids},
  year = {2006},
  volume = {35},
  pages = {820--830}
}

@ARTICLE{tolke-GPU,
  author = {T\"{o}lke, J. and Krafczyk, M.},
  title = {Tera{FLOP} computing on a desktop {PC} with {GPU}s for {3D} {CFD}},
  journal = {Int. J. Comput. Fluid Dyn.},
  year = {2008},
  volume = {22},
  pages = {443--456},
  number = {7}
}

@ARTICLE{toelke-binary,
  author = {T\"{o}lke, J. and Krafczyk, M. and Schulz, M. and Rank, E.},
  title = {Lattice {B}oltzmann simulations of binary fluid flow through porous
	media},
  journal = PhilTransRSocLondA,
  year = {2002},
  volume = {360},
  pages = {535--545}
}

@ARTICLE{toelkeporousmedia,
  author = {T\"{o}lke, J. and Krafczyk, M. and Schulz, M. and Rank, E.},
  title = {Lattice Boltzmann simulations of binary fluid flow through porous
	meda},
  journal = PhilTransRSocLondA,
  year = {2002},
  volume = {360},
  pages = {535--545}
}

@ARTICLE{teixeira-thermal,
  author = {Teixeira, C. and Chen, H. and Freed, D.M.},
  title = {Multi-speed thermal lattice {B}otlzmann method stabilization via
	equilibrium under-relaxation},
  journal = {Comp. Phys. Commun.},
  year = {2000},
  volume = {129},
  pages = {207--226}
}

@TECHREPORT{fraunhoferlevelset,
  author = {Th\"{o}mmes,J. and Becker, J. and Junk, M. and Vaikuntam, A.K. and
	Kerhwald, D. and Klar, A. and Steiner, K. and Wiegmann, A.},
  title = {{A} {L}attice {B}oltzmann {M}ethod for immiscible multiphase flow
	simulations using the {L}evel {S}et {M}ethod},
  institution = {Fraunhofer-Institut f\"{u}r Techno- und Wirtschaftsmathematik ITWM},
  year = {2007},
  pages = {1--28}
}

@BOOK{uhlenbeck,
  title = {Lectures in Statistical Mechanics},
  publisher = {American Mathematical Society},
  year = {1963},
  editor = {Uhlenbeck, G.E.},
  author = {Uhlenbeck, G.E. and Ford, G.W. and Montroll, E.W.},
  owner = {shurik},
  timestamp = {2009.05.19}
}

@MISC{wagner,
  author = {Wagner, A.J.},
  title = {A {P}ractical {I}ntroduction to the {L}attice {B}oltzmann {M}ethod},
  year = {2005}
}

@BOOK{wolfram,
  title = {Theory and applications of cellular automata},
  publisher = {World Scientific Publication},
  year = {1986},
  editor = {Wolfram, S.},
  author = {Wolfram, S.},
  owner = {shurik},
  timestamp = {2009.05.13}
}

@ARTICLE{mrt-lid-driven-cavity,
  author = {Wu, J.S. and Shao, Y.L.},
  title = {Simulation of lid-driven cavity flows by parallel lattice {B}oltzmann
	method using multi-relaxation-time scheme},
  journal = {Int. J. Numer. Meth. Fluids},
  year = {2004},
  volume = {46},
  pages = {921--937}
}

@ARTICLE{wu-spurious,
  author = {Wu, L. and Tsutahara, M. and Kim, L.S. and Ha, M.-Y.},
  title = {Three-dimensional lattice {B}oltzmann simulations of droplet formation
	in a cross-junction microchannel},
  journal = IntJMultiphFlow,
  year = {2008},
  volume = {34},
  pages = {852--864}
}

@ARTICLE{chou-FV,
  author = {Xi, H. and Peng, G. and Chou, S.-H.},
  title = {Finite-volume lattice {B}oltzmann method},
  journal = PhysRevE,
  year = {1999},
  volume = {59},
  pages = {6202--6205},
  number = {5}
}

@ARTICLE{yu,
  author = {Yu, D. and Mei, R. and Luo, L.-S. and Shyy, W.},
  title = {{V}iscous flow computations with the method of lattice {B}oltzmann
	equation},
  journal = {Progress in Aerospace Sciences},
  year = {2003},
  volume = {39},
  pages = {329--367}
}

@ARTICLE{girimaji-symetry,
  author = {Yu, H. and Girimaji, S.S.},
  title = {Study of axis-switching and stability of laminar rectangular jets
	using lattice {B}oltzmann method},
  journal = {Comp. Math. Appl.},
  year = {2008},
  volume = {55},
  pages = {1611--1619}
}

@ARTICLE{fan-multi,
  author = {Yu, Z. and Hemminger, O. and Fan, L.-S.},
  title = {Experiment and lattice {B}oltzmann simulation of two-phase gas-liquid
	flows in microchannels},
  journal = ChemEngSci,
  year = {2007},
  volume = {62},
  pages = {7172--7183}
}

@ARTICLE{eos,
  author = {Yuan, P. and Schaefer, L.},
  title = {Equations of state in a lattice {B}oltzmann model},
  journal = PhysFluids,
  year = {2006},
  volume = {18},
  pages = {1--11},
  number = {042101}
}

@ARTICLE{yuan-thermal,
  author = {Yuan, P. and Schaefer, L.},
  title = {A {T}hermal {L}attice {B}oltzmann {T}wo-{P}hase {F}low {M}odel and
	{I}ts {A}pplication to {H}eat {T}ransfer {P}roblems -{P}art 2. {I}ntegration
	and {V}alidation},
  journal = {J. Fluids Eng.},
  year = {2006},
  volume = {128},
  pages = {151--156}
}

@ARTICLE{kwok-contact-angle,
  author = {Zhang, J. and Kwok, D.Y.},
  title = {Lattice {B}oltzmann {S}tudy on the {C}ontact {A}ngle and {C}ontact
	{L}ine {D}ynamics of {L}iquid-{V}apor {I}nterfaces},
  journal = {Langmuir},
  year = {2004},
  volume = {20},
  pages = {8137--8141}
}

@ARTICLE{kwok,
  author = {Zhang, J. and Li, B. and Kwok, D.Y.},
  title = {Mean-field free-energy approach to the lattice {B}otlzmann method
	for liquid-vapor and solid-fluid interfaces},
  journal = PhysRevE,
  year = {2004},
  volume = {69},
  pages = {1--4},
  number = {032602}
}

@ARTICLE{zhang-thermal,
  author = {Zhang, R. and Chen, H.},
  title = {Lattice {B}oltzmann method for simulations of liquid-vapor thermal
	flows},
  journal = PhysRevE,
  year = {2003},
  volume = {67},
  pages = {1--6},
  number = {066711}
}

@ARTICLE{zheng-large-ratio,
  author = {Zheng, H.W and Shu, C. and Chew, Y.T.},
  title = {A lattice {B}oltzmann model for multiphase flows with large density
	ratio},
  journal = JComputPhys,
  year = {2006},
  volume = {218},
  pages = {353--371}
}

@ARTICLE{zouhe-boundary,
  author = {Zou, Q. and He, X.},
  title = {On pressure and velocity boundary conditions for the lattice {B}otlzmann
	{BGK} model},
  journal = PhysFluids,
  year = {1997},
  volume = {9},
  pages = {1591--1598},
  number = {6}
}

@comment{jabref-meta: groupsversion:3;}

@comment{jabref-meta: groupstree:
0 AllEntriesGroup:;
1 ExplicitGroup:Books\;0\;Landau\;Succi-book\;chapman\;mohamad\;rosens
weig\;sukop\;;
1 ExplicitGroup:Shan-Chen\;0\;Sbragaglia-Succi\;Shan-chen:extended\;eo
s\;fan-multi\;halliday-multicomponent\;he\;he-advanced\;kuzmin\;kwok\;
nourgaliev-breakup\;pan-multi\;shan-spurious\;zhang-thermal\;;
1 ExplicitGroup:Spurious Currents\;0\;pooley-spurious\;shan-spurious\;
wu-spurious\;;
1 ExplicitGroup:MRT\;0\;bouzidi\;dhumieres\;dhumieres-first\;ladd-boun
dary\;lallemand\;luo-lecture\;mrt-incompressible\;;
1 ExplicitGroup:MRT Asinari\;0\;Asinari\;BSV\;adhikari\;dellar\;dellar
-bulkshear-viscosity\;dellar-elimination\;dellar-eos\;dellar-limit\;;
1 ExplicitGroup:TRT\;0\;ginzburg-boundary-main\;ginzburg-main\;ginzbur
g-saturated-flow\;ginzburg-trt-simple-hydro\;;
1 ExplicitGroup:Interface Conditions\;0\;ginzburg-free\;ginzburg-inter
face\;pagonabarraga-finger\;;
1 ExplicitGroup:Boundary Conditions\;0\;ginzburg-boundary\;ginzburg-bo
undary-conditions\;ginzburg-multireflection\;immersed-boundary\;ladd-b
oundary\;luo-lecture\;zouhe-boundary\;;
1 ExplicitGroup:MRT Applications\;0\;Asinari\;mrt-lid-driven-cavity\;;
1 ExplicitGroup:Microflows\;0\;ansumali-small-knudsen\;fan-multi\;wu-s
purious\;;
1 ExplicitGroup:Color Model\;0\;dirkkehrwald\;gunstensen\;rothman\;rot
hman-color\;;
1 ExplicitGroup:Force\;0\;Shan-hermite\;buick-gravity\;guo\;he\;luo-fo
rce\;;
1 ExplicitGroup:Fundamental Papers\;0\;BSV\;HJ\;HSB\;grad-moments\;luo
-lecture\;mcnamara\;qian\;;
1 ExplicitGroup:Color Model Applications\;0\;TolProj\;toelkeadaptive\;
toelkeporousmedia\;wu-spurious\;;
1 ExplicitGroup:Free-Energy Models\;0\;lee\;pagonabarraga-finger\;pool
ey-contact\;pooley-spurious\;swift\;swift-advanced\;;
1 ExplicitGroup:Multiphase Additional\;0\;lallemand-front-track\;luo\;
luo-lecture\;;
1 ExplicitGroup:MRT and Multiphase\;0\;McCracken\;mrt-drop-collisions\
;mrt-lid-driven-cavity\;mrt-pressure\;premnath\;toelkeadaptive\;toelke
porousmedia\;;
1 ExplicitGroup:Reviews\;0\;Nourgaliev\;yu\;;
1 ExplicitGroup:Ferrofluids\;0\;cebers-surface\;ferro-surface\;jackson
-fingering\;jackson-labyrinthine\;polevikov-shape\;rosensweig\;shape-f
erro\;;
1 ExplicitGroup:Group Theory\;0\;luo-group-theory\;;
1 ExplicitGroup:Level Set\;0\;fraunhoferlevelset\;;
1 ExplicitGroup:Hermite Polynomials\;0\;Shan-hermite\;grad-moments\;he
\;karlin-galilean\;karlin-hermite\;luo-hermite\;shan-galilean\;shan-mr
t-collision\;;
1 ExplicitGroup:Junk\;0\;;
1 ExplicitGroup:Inclined Walls\;0\;bouzidi\;;
1 ExplicitGroup:Stability\;0\;miller\;servan-stab2\;servan-trt-stabili
ty\;;
1 ExplicitGroup:Contact Angle\;0\;gennes-wetting\;kwok-contact-angle\;
pooley-contact\;sbragaglia-contact\;shu-wettability\;sukop-angle\;;
1 ExplicitGroup:Thermal Flows\;0\;karlin-minimalmodels\;yuan-thermal\;
zhang-thermal\;;
1 ExplicitGroup:Colloids\;0\;adhikari-colloids\;adhikari-fluctuation\;
;
1 ExplicitGroup:FV and LBM\;0\;chou-FV\;;
1 ExplicitGroup:Initial Conditions\;0\;luo-initial\;;
1 ExplicitGroup:Galilean Invariance\;0\;karlin-galilean\;qian-galilean
\;shan-galilean\;;
1 ExplicitGroup:Entropic LBM\;0\;ansumali-small-knudsen\;karlin-hermit
e\;karlin-minimalmodels\;;
1 ExplicitGroup:FD and LBM\;0\;asinari-fd\;;
1 ExplicitGroup:Integration of BE\;0\;boghosian-chapman-enskog\;dellar
-elimination\;luo-hermite\;succi-integration\;;
1 ExplicitGroup:Bubble\;0\;becker-bubble\;fakhari-bubble\;ginzburg-bub
ble\;vinogradov-bubble\;;
}

